<?xml version="1.0" encoding="UTF-8"?><collection xmlns="http://www.loc.gov/MARC21/slim"><record><leader>00321nam--2200133-i-4500</leader><controlfield tag="001">000037865</controlfield><controlfield tag="002">20161230</controlfield><controlfield tag="005">20161230201041</controlfield><controlfield tag="008">060222s1000------------r-----000-0-eng-d</controlfield><datafield ind1=" " ind2=" " tag="080"><subfield code="a">517.5</subfield></datafield><datafield ind1=" " ind2=" " tag="100"><subfield code="a">Radu,Gheorghe</subfield></datafield><datafield ind1=" " ind2=" " tag="245"><subfield code="a">Algebra categoriilor si functorilor</subfield></datafield><datafield ind1=" " ind2=" " tag="260"><subfield code="a">Iasi, Ed.Junimea, 1988. 279 P</subfield></datafield><datafield ind1=" " ind2=" " tag="852"><subfield code="a">79717</subfield></datafield></record></collection>